
@Book{friedman2008essentials,
 author = "{F}riedman, {D}aniel {P} and {W}and, {M}itchell",
 title = "{E}ssentials of {P}rogramming {L}anguages",
 publisher = "{MIT} {P}ress",
 year = {2008},
 address = "{C}ambridge, {MA}",
 isbn = {0262062798},
 note = {(\textbf{EOPL})}
}

@Book{springer1989scheme,
 author = "{S}pringer, {G}eorge and {F}riedman, {D}aniel {P}",
 title = "{S}cheme and the {A}rt of {P}rogramming",
 publisher = "{M}c{G}raw-{H}ill",
 year = {1989},
 address = "{N}ew {Y}ork",
 isbn = {0262192888},
 note = {(\textbf{SAOP})}
}
